
%statistical methods regularity:%

%Through banding and tapering:%

@article{furrer2007estimation,
  title={Estimation of high-dimensional prior and posterior covariance matrices in Kalman filter variants},
  author={Furrer, Reinhard and Bengtsson, Thomas},
  journal={Journal of Multivariate Analysis},
  volume={98},
  number={2},
  pages={227--255},
  year={2007},
  publisher={Elsevier}
}

@article{bickel2004some,
  title={Some theory for Fisher's linear discriminant function,naive Bayes', and some alternatives when there are many more variables than observations},
  author={Bickel, Peter J and Levina, Elizaveta and others},
  journal={Bernoulli},
  volume={10},
  number={6},
  pages={989--1010},
  year={2004},
  publisher={Bernoulli Society for Mathematical Statistics and Probability}
}

@article{bickel2008regularized,
  title={Regularized estimation of large covariance matrices},
  author={Bickel, Peter J and Levina, Elizaveta and others},
  journal={The Annals of Statistics},
  volume={36},
  number={1},
  pages={199--227},
  year={2008},
  publisher={Institute of Mathematical Statistics}
}

%Shrinkage origins%

@article{dey1985estimation,
  title={Estimation of a covariance matrix under Stein's loss},
  author={Dey, Dipak K and Srinivasan, C and others},
  journal={The Annals of Statistics},
  volume={13},
  number={4},
  pages={1581--1591},
  year={1985},
  publisher={Institute of Mathematical Statistics}
}

@article{haff1980empirical,
  title={Empirical Bayes estimation of the multivariate normal covariance matrix},
  author={Haff, LR},
  journal={The Annals of Statistics},
  pages={586--597},
  year={1980},
  publisher={JSTOR}
}

%shrinkage through random matrix theory:%
@article{ledoit2012nonlinear,
  title={Nonlinear shrinkage estimation of large-dimensional covariance matrices},
  author={Ledoit, Olivier and Wolf, Michael and others},
  journal={The Annals of Statistics},
  volume={40},
  number={2},
  pages={1024--1060},
  year={2012},
  publisher={Institute of Mathematical Statistics}
}
%Lasso penalty%
@article{tibshirani1996regression,
  title={Regression shrinkage and selection via the lasso},
  author={Tibshirani, Robert},
  journal={Journal of the Royal Statistical Society: Series B (Methodological)},
  volume={58},
  number={1},
  pages={267--288},
  year={1996},
  publisher={Wiley Online Library}
}
@article{d2008first,
  title={First-order methods for sparse covariance selection},
  author={d'Aspremont, Alexandre and Banerjee, Onureena and El Ghaoui, Laurent},
  journal={SIAM Journal on Matrix Analysis and Applications},
  volume={30},
  number={1},
  pages={56--66},
  year={2008},
  publisher={SIAM}
}

@article{rothman2008sparse,
  title={Sparse permutation invariant covariance estimation},
  author={Rothman, Adam J and Bickel, Peter J and Levina, Elizaveta and Zhu, Ji and others},
  journal={Electronic Journal of Statistics},
  volume={2},
  pages={494--515},
  year={2008},
  publisher={The Institute of Mathematical Statistics and the Bernoulli Society}
}

@article{yuan2007model,
  title={Model selection and estimation in the Gaussian graphical model},
  author={Yuan, Ming and Lin, Yi},
  journal={Biometrika},
  volume={94},
  number={1},
  pages={19--35},
  year={2007},
  publisher={Oxford University Press}
}
@article{friedman2008sparse,
  title={Sparse inverse covariance estimation with the graphical lasso},
  author={Friedman, Jerome and Hastie, Trevor and Tibshirani, Robert},
  journal={Biostatistics},
  volume={9},
  number={3},
  pages={432--441},
  year={2008},
  publisher={Oxford University Press}
}

%other penalty like SCAD:%
@article{fan2009network,
  title={Network exploration via the adaptive LASSO and SCAD penalties},
  author={Fan, Jianqing and Feng, Yang and Wu, Yichao},
  journal={The annals of applied statistics},
  volume={3},
  number={2},
  pages={521},
  year={2009},
  publisher={NIH Public Access}
}
@article{lam2009sparsistency,
  title={Sparsistency and rates of convergence in large covariance matrix estimation},
  author={Lam, Clifford and Fan, Jianqing},
  journal={Annals of statistics},
  volume={37},
  number={6B},
  pages={4254},
  year={2009},
  publisher={NIH Public Access}
}
@article{fan2001variable,
  title={Variable selection via nonconcave penalized likelihood and its oracle properties},
  author={Fan, Jianqing and Li, Runze},
  journal={Journal of the American statistical Association},
  volume={96},
  number={456},
  pages={1348--1360},
  year={2001},
  publisher={Taylor \& Francis}
}

%Thresholding method%
@article{bickel2008covariance,
  title={Covariance regularization by thresholding},
  author={Bickel, Peter J and Levina, Elizaveta and others},
  journal={The Annals of Statistics},
  volume={36},
  number={6},
  pages={2577--2604},
  year={2008},
  publisher={Institute of Mathematical Statistics}
}
@article{cai2011adaptive,
  title={Adaptive thresholding for sparse covariance matrix estimation},
  author={Cai, Tony and Liu, Weidong},
  journal={Journal of the American Statistical Association},
  volume={106},
  number={494},
  pages={672--684},
  year={2011},
  publisher={Taylor \& Francis}
}

@article{fan2013large,
  title={Large covariance estimation by thresholding principal orthogonal complements},
  author={Fan, Jianqing and Liao, Yuan and Mincheva, Martina},
  journal={Journal of the Royal Statistical Society. Series B, Statistical methodology},
  volume={75},
  number={4},
  year={2013},
  publisher={NIH Public Access}
}

%structure breaks are non-negligible:%

@article{ma2018estimation,
  title={Estimation of large dimensional factor models with an unknown number of breaks},
  author={Ma, Shujie and Su, Liangjun},
  journal={Journal of econometrics},
  volume={207},
  number={1},
  pages={1--29},
  year={2018},
  publisher={Elsevier}
}
@article{li2019detection,
  title={Detection of multiple structural breaks in large covariance matrices},
  author={Li, Yu-Ning and Li, Degui and Fryzlewicz, Piotr},
  year={2021}
}

%statistical methods conditioning information:%

%GARCH models%
@article{bollerslev1986generalized,
  title={Generalized autoregressive conditional heteroskedasticity},
  author={Bollerslev, Tim},
  journal={Journal of econometrics},
  volume={31},
  number={3},
  pages={307--327},
  year={1986},
  publisher={Elsevier}
}
%DCC%
@article{engle2002dynamic,
  title={Dynamic conditional correlation: A simple class of multivariate generalized autoregressive conditional heteroskedasticity models},
  author={Engle, Robert},
  journal={Journal of Business \& Economic Statistics},
  volume={20},
  number={3},
  pages={339--350},
  year={2002},
  publisher={Taylor \& Francis}
}
@article{engle2019large,
  title={Large dynamic covariance matrices},
  author={Engle, Robert F and Ledoit, Olivier and Wolf, Michael},
  journal={Journal of Business \& Economic Statistics},
  volume={37},
  number={2},
  pages={363--375},
  year={2019},
  publisher={Taylor \& Francis}
}
%multiple conditioning variables%
@article{chen2019new,
  title={A new semiparametric estimation approach for large dynamic covariance matrices with multiple conditioning variables},
  author={Chen, Jia and Li, Degui and Linton, Oliver},
  journal={Journal of Econometrics},
  volume={212},
  number={1},
  pages={155--176},
  year={2019},
  publisher={Elsevier}
}


%Economic methods like network and peer groups%
%text-based network%
@article{hoberg2016text,
  title={Text-based network industries and endogenous product differentiation},
  author={Hoberg, Gerard and Phillips, Gordon},
  journal={Journal of Political Economy},
  volume={124},
  number={5},
  pages={1423--1465},
  year={2016},
  publisher={University of Chicago Press Chicago, IL}
}
%Peer group effects%

@article{ge2021dynamic,
  title={Dynamic Peer Groups of Arbitrage Characteristics},
  author={Ge, Shuyi and Li, Shaoran and Linton, Oliver},
  year={2021}
}

%other overview%

@article{li2021estimation,
  title={Estimation of Large Dynamic Covariance Matrices: A Selective Review},
  author={Li, Degui},
  journal={Econometrics and Statistics},
  year={2021},
  publisher={Elsevier}
}

@article{fan2016overview,
  title={An overview of the estimation of large covariance and precision matrices},
  author={Fan, Jianqing and Liao, Yuan and Liu, Han},
  journal={The Econometrics Journal},
  volume={19},
  number={1},
  pages={C1--C32},
  year={2016},
  publisher={Oxford University Press Oxford, UK}
}

@article{kaustia2013common,
  title={Common analyst-based method for defining peer firms},
  author={Kaustia, Markku and Rantala, Ville},
  journal={Available at SSRN},
  year={2013}
}

@article{ge2021news,
  title={News-Implied Linkages and Local Dependency in the Equity Market},
  author={Ge, Shuyi and Linton, Oliver B},
  journal={Available at SSRN 3827902},
  year={2021}
}

@article{fan2016incorporating,
  title={Incorporating global industrial classification standard into portfolio allocation: A simple factor-based large covariance matrix estimator with high-frequency data},
  author={Fan, Jianqing and Furger, Alex and Xiu, Dacheng},
  journal={Journal of Business \& Economic Statistics},
  volume={34},
  number={4},
  pages={489--503},
  year={2016},
  publisher={Taylor \& Francis}
}

@article{brownlees2020community,
  title={Community detection in partial correlation network models},
  author={Brownlees, Christian and Gumundsson, Gumundur Stef{\'a}n and Lugosi, G{\'a}bor},
  journal={Journal of Business \& Economic Statistics},
  pages={1--11},
  year={2020},
  publisher={Taylor \& Francis}
}

@article{scherbina2015economic,
	title={Economic linkages inferred from news stories and the predictability of stock returns},
	author={Scherbina, Anna and Schlusche, Bernd},
	journal={Available at SSRN 2363436},
	year={2015}
}

@article{schwenkler2019network,
	title={The network of firms implied by the news},
	author={Schwenkler, Gustavo and Zheng, Hannan},
	journal={Available at SSRN 3320859},
	year={2019}
}

@article{israelsen2016does,
  title={Does common analyst coverage explain excess comovement?},
  author={Israelsen, Ryan D},
  journal={Journal of Financial and Quantitative Analysis},
  pages={1193--1229},
  year={2016},
  publisher={JSTOR}
}